@Article{Leonardo1999,
  author =       {Anthony Leonardo and Masakazu Konishi},
  title =        {Decrystallization of adult birdsong by perturbation of auditory feedback},
  journal =      {Nature},
  year =         1999,
  number =    399,
  pages =     {466-470},
  month =     {June},
  doi = {10.1038/20933},
  url = {http://www.nature.com/nature/journal/v399/n6735/abs/399466a0.html},
  annote =    {Series of IIR filters, hand-built logical operators to tune.  Resolution 50ms? 100ms? No information on accuracy.}
}



@Article{Skocik2013,
  author =       {Mike Skocik and Alexay Kozhevnikov},
  title =        {Real-time system for studies of the effects of acoustic feedback on animal vocalizations},
  journal =      {Frontiers in Neural Circuits},
  year =         2013,
  volume =    6,
  number = 111,
  month =     {January},
  doi = {10.3389/fncir.2012.00111},
  url = {http://www.ncbi.nlm.nih.gov/pmc/articles/PMC3539774/},
  annote =    {Intel i7 6-core 2.66GHz, Linux, PCIe-6251, correlation coefficient, 1ms frame rate, fft, hand-tuned thresholds, 20ms template length, manual verification, Bengalese 7\% false negative, 0 false positive; Zebra 3.7\% false negative, 1\% false positive.  No syllable detection latency given, but hardware-only latency $27\pm 9 \mu$s.}
}

@Article{Andalman2009,
  author =       {Aaron S. Andalman and Michale S. Fee},
  title =        {A basal ganglia-forebrain circuit in the songbird biases motor output to avoid vocal errors},
  journal =      {Proceedings of the National Academy of Sciences of the United States of America},
  year =         2009,
  doi = {10.1073/pnas.0903214106},
  url = {http://www.ncbi.nlm.nih.gov/pmc/articles/PMC2709669/},
  volume =    106,
  number =    30,
  pages =     {12518-12523},
  month =     {July},
  annote =    {TDT, unique pitch, hand-tuned FIR filters, no performance data given, but probably very fast given the method.}
}


@Article{Keller2009,
  author =       {Georg B. Keller and Richard H. R. Hahnloser},
  title =        {Neural processing of auditory feedback during vocal practice in a songbird},
  journal =      {Nature},
  year =         2009,
  number =    457,
  pages =     {187-190},
  month =     {January},
  doi = {10.1038/nature07467},
  url = {http://www.nature.com/nature/journal/v457/n7226/abs/nature07467.html},
  annote =    {2-layer neural network on FFT. Latency $\sigma=4.3$ms}
}


@Article{Kao2005,
  author =       {Mimi H. Kao and Allison J. Doupe and Michael S. Brainard},
  title =        {Contributions of an avian basal ganglia--forebrain circuit to real-time modulation of song},
  journal =      {Letters to Nature},
  year =         2005,
  volume =    433,
  pages =     {638-643},
  month =     {February},
  annote =    {Good example of "we have this spectral thingy for syllables, and it Just Works."}
}

@Article{Poole2012,
  author =       {Barish Poole and Jeffrey E. Markowitz and Timothy J. Gardner},
  title =        {The Song Must Go On: Resilience of the Songbird Vocal Motor Pathway},
  journal =      {PLOS One},
  year =         2012,
  doi = {10.1371/journal.pone.0038173},
  url = {http://journals.plos.org/plosone/article?id=10.1371/journal.pone.0038173},
  key =       {e38173},
  volume =    7,
  number =    6,
  month =     {June},
  annote =    {No syllable detection, but song alignment is described herein.}
}

@Article{Warren2011,
  author =       {Timothy L. Warren and Evren C. Tumer and Jonathan D. Charlesworth and Michael S. Brainard},
  title =        {Mechanisms and time course of vocal learning and consolidation in the adult songbird},
  journal =      {Journal of Neurophysiology},
  year =         2011,
  volume =    106,
  number =    4,
  pages =     {1806-1821},
  month =     {October},
  doi = {10.1152/jn.00311.2011},
  url = {http://jn.physiology.org/content/106/4/1806.full}
}

